@article{haining2007bme,
  title={Bayesian modelling of environmental risk: example using a small area ecological study of coronary heart disease mortality in relation to modelled outdoor nitrogen oxide levels},
  author={Haining, R. and Law, J. and Maheswaran, R. and Pearson, T. and Brindley, P.},
  journal={Stochastic Environmental Research and Risk Assessment },
  volume={21},
  number={5},
  pages={501--509},
  year={2007},
  publisher={Springer}
}
