@techreport{box1981analysis,
  title={An Analysis of Transformations Revisited, Rebutted.},
  author={Box, George EP and Cox, David R},
  year={1981},
  institution={WISCONSIN UNIV-MADISON MATHEMATICS RESEARCH CENTER}
}




@book{hristopulos2020random,
  title={Random fields for spatial data modeling: a primer for scientists and engineers},
  author={Hristopulos, Dionissios T},
  year={2020},
  publisher={Springer Nature}
}




@misc{laga2020model,
  title={Model-Based Geostatistics for Global Public Health: Methods and Applications: by Peter J. Diggle and Emanuele Giorgi. Boca Raton, FL: Chapman \& Hall/CRC Press, 2019},
  author={Laga, Ian and Niu, Xiaoyue},
  year={2020},
  publisher={Taylor \& Francis}
}



@book{pd2007,
title = "Model-based Geostatistics.",
author = "Diggle, {Peter J.} and Ribeiro, {Paulo J.}",
year = "2007",
month = mar,
isbn = "0387329072 978-0387329079",
series = "Springer Series in Statistics",
publisher = "Springer",
}



@book{pawitan2001all,
  title={In all likelihood: statistical modelling and inference using likelihood},
  author={Pawitan, Yudi},
  year={2001},
  publisher={Oxford University Press}
}

#######################################################################################

















@Manual{RandomFields2020,
    title = {{RandomFields}: Simulation and Analysis of Random Fields},
    author = {Martin Schlather and Alexander Malinowski and Marco
      Oesting and Daphne Boecker and Kirstin Strokorb and Sebastian
      Engelke and Johannes Martini and Felix Ballani and Olga Moreva
      and Jonas Auel and Peter J Menck and Sebastian Gross and Ulrike
      Ober and Paulo Ribeiro and Brian D Ripley and Richard Singleton
      and Ben Pfaff and {R Core Team}},
    year = {2020},
    note = {R package version 3.3.8},
    url = {https://cran.r-project.org/package=RandomFields},
  } 
  
@Article{RandomFields2015,
    title = {Analysis, Simulation and Prediction of Multivariate Random
      Fields with Package {RandomFields}},
    author = {Martin Schlather and Alexander Malinowski and Peter J.
      Menck and Marco Oesting and Kirstin Strokorb},
    journal = {Journal of Statistical Software},
    year = {2015},
    volume = {63},
    number = {8},
    pages = {1--25},
    url = {http://www.jstatsoft.org/v63/i08/},
  }


@article{patterson1971recovery,
  title={Recovery of inter-block information when block sizes are unequal},
  author={Patterson, H Desmond and Thompson, Robin},
  journal={Biometrika},
  volume={58},
  number={3},
  pages={545--554},
  year={1971},
  publisher={Oxford University Press}
}


@article{searle1978notebook,
  title={A Notebook on Variance Components: A Detailed Description of Recent Methods of Estimating Variance Components, with Applications in Animal Breeding},
  author={Searle, SR and Quaas, RL and others},
  year={1978}
}



@article{box1964analysis,
  title={An analysis of transformations},
  author={Box, George EP and Cox, David R},
  journal={Journal of the Royal Statistical Society: Series B (Methodological)},
  volume={26},
  number={2},
  pages={211--243},
  year={1964},
  publisher={Wiley Online Library}
}



@book{cressie2015statistics,
  title={Statistics for spatial data},
  author={Cressie, Noel},
  year={2015},
  publisher={John Wiley \& Sons}
}


