@article{lang2004bayesian,
  title={{Bayesian P-splines}},
  author={Lang, S. and Brezger, A.},
  journal={Journal of Computational and Graphical Statistics},
  volume={13},
  number={1},
  pages={183--212},
  year={2004},
  publisher={ASA}
}
