@Manual{r2021,
  title        = {R: A Language and Environment for Statistical
                  Computing},
  author       = {{R Core Team}},
  organization = {R Foundation for Statistical Computing},
  address      = {Vienna, Austria},
  year         = 2021,
  url          = {https://www.R-project.org}
}







@article{eddelbuettel2021parallel,
  title={Parallel computing with R: A brief review},
  author={Eddelbuettel, Dirk},
  journal={Wiley Interdisciplinary Reviews: Computational Statistics},
  volume={13},
  number={2},
  pages={e1515},
  year={2021},
  publisher={Wiley Online Library}
}


@misc{zhao_2016, 
title={R with Parallel Computing from User Perspectives },
url={https://parallelr.com/2016/09/10/r-with-parallel-computing/}, 
publisher={Capital of Statistics}, 
author={Zhao, Peng}, 
year={2016}, 
month={Sep}
} 




@misc{cran2021,
  author = {Dirk Eddelbuettel},
  title = {CRAN Task View: High-Performance and Parallel Computing with R},
  howpublished = {\url{https://cran.r-project.org/web/views/HighPerformanceComputing.html}}
}









@unpublished{l2015clrng,
  title={{clRNG}: a random number {API} with multiple streams for {OpenCL}},
  author={L’{E}cuyer, Pierre and Munger, David and Kemerchou, Nabil},
  note={report},
  url={http://shorturl.at/lmxF7},
  year={2015}
}


@incollection{robert2004random,
  title={Random variable generation},
  author={Robert, Christian P and Casella, George},
  booktitle={Monte Carlo Statistical Methods},
  pages={35--77},
  year={2004},
  publisher={Springer}
}


@incollection{l2012random,
  title={Random number generation},
  author={L’Ecuyer, Pierre},
  booktitle={Handbook of computational statistics},
  pages={35--71},
  year={2012},
  publisher={Springer}
}


@article{box1958note,
  title={A note on the generation of random normal deviates},
  author={Box, George EP},
  journal={Ann. Math. Statist.},
  volume={29},
  pages={610--611},
  year={1958}
}


@article{matheron_1973, 
title={The intrinsic random functions and their applications}, 
volume={5}, 
DOI={10.2307/1425829}, 
number={3}, 
journal={Advances in Applied Probability}, 
publisher={Cambridge University Press}, 
author={Matheron, G.}, 
year={1973}, 
pages={439–468}
}


@ARTICLE{1972JSV,
       author = {{Shinozuka}, M. and {Jan}, C. -M.},
        title = "{Digital simulation of random processes and its applications}",
      journal = {Journal of Sound Vibration},
         year = 1972,
        month = nov,
       volume = {25},
       number = {1},
        pages = {111-128},
          doi = {10.1016/0022-460X(72)90600-1},
       adsurl = {https://ui.adsabs.harvard.edu/abs/1972JSV....25..111S},
      adsnote = {Provided by the SAO/NASA Astrophysics Data System}
}


@article{Meja1974OnTS,
  title={On the synthesis of random field sampling from the spectrum: An application to the generation of hydrologic spatial processes},
  author={J. M. Mej{\'i}a and I. Rodriguez-Iturbe},
  journal={Water Resources Research},
  year={1974},
  volume={10},
  pages={705-711}
}


@article{LiuandLi2019,
  title={Advances in Gaussian random field generation: a review},
  author={Liu, Yang and Li, Jingfa and Sun, Shuyu and Yu, Bo},
  journal={Computational Geosciences},
  year={2019},
  volume={23},
  number = {5},
  pages={1011--1047}
}



@article{davis1987,
  title={Production of conditional simulations via the LU triangular decomposition of the covariance matrix},
  author={Davis, Michael W},
  journal={Mathematical geology},
  volume={19},
  number={2},
  pages={91--98},
  year={1987},
  publisher={Springer}
}


@Book{LoeveM:1978,
  author = {Loeve, M.},
  title = {Probability theory. ii, volume 46 of. Graduate Texts in Mathematics},
  year = {1978},
  edition = {4},
  publisher = {Springer-Verlag New York}
}



@article{journel1974,
  title={Geostatistics for conditional simulation of ore bodies},
  author={Journel, Andre G},
  journal={Economic Geology},
  volume={69},
  number={5},
  pages={673--687},
  year={1974},
  publisher={Society of Economic Geologists}
}



@article{oliver1995moving,
  title={Moving averages for Gaussian simulation in two and three dimensions},
  author={Oliver, Dean S},
  journal={Mathematical Geology},
  volume={27},
  number={8},
  pages={939--960},
  year={1995},
  publisher={Springer}
}



@book{johnson1987multivariate,
  title={Multivariate statistical simulation: A guide to selecting and generating continuous multivariate distributions},
  author={Johnson, Mark E},
  volume={192},
  year={1987},
  publisher={John Wiley \& Sons}
}


@incollection{gomez1993joint,
  title={Joint sequential simulation of multigaussian fields},
  author={G{\'o}mez-Hern{\'a}ndez, J Jaime and Journel, Andr{\'e} G},
  booktitle={Geostatistics Troia’92},
  pages={85--94},
  year={1993},
  publisher={Springer}
}



@article{pebesma2004multivariable,
  title={Multivariable geostatistics in S: the gstat package},
  author={Pebesma, Edzer J},
  journal={Computers \& geosciences},
  volume={30},
  number={7},
  pages={683--691},
  year={2004},
  publisher={Elsevier}
}





@article{fenton1990simulation,
  title={Simulation of random fields via local average subdivision},
  author={Fenton, Gordon A and Vanmarcke, Erik H},
  journal={Journal of Engineering Mechanics},
  volume={116},
  number={8},
  pages={1733--1749},
  year={1990},
  publisher={American Society of Civil Engineers}
}





@article{howes2007efficient,
  title={Efficient random number generation and application using CUDA},
  author={Howes, Lee and Thomas, David},
  journal={GPU gems},
  volume={3},
  pages={805--830},
  year={2007},
  publisher={NVIDIA-Pearson}
}



@article{mehta2011ibm,
  title={IBM SPSS exact tests},
  author={Mehta, Cyrus R and Patel, Nitin R},
  journal={Armonk, NY: IBM Corporation},
  pages={23--24},
  year={2011}
}


@article{abrahamsen1997review,
  title={A review of Gaussian random fields and correlation functions},
  author={Abrahamsen, Petter},
  journal={Norsk Regnesentral/Norwegian Computing Center},
  pages={64},
  year={1997}
}




@misc{National2018,
    author    = {National Center for Health Statistics},
    title     = {Natality 2018. Public use file},
    howpublished = {Annual internet product. 2019. Available at \url{http://www.cdc.gov/nchs/data_access/VitalStatsOnline.htm}}
}




@article{matern1960spatial,
  title={Spatial variation, Technical Report},
  author={Mat{\'e}rn, B},
  journal={Statens Skogsforsningsinstitut, Stockholm},
  year={1960}
}



@phdthesis{haskard2007anisotropic,
  title={An anisotropic Matern spatial covariance model: REML estimation and properties.},
  author={Haskard, Kathryn Anne},
  year={2007}
}


  @Manual{tensorflow1,
    author = {JJ Allaire and Dirk Eddelbuettel and Nick Golding and
      Yuan Tang},
    title = {tensorflow: R Interface to TensorFlow},
    year = {2016},
    url = {https://github.com/rstudio/tensorflow},
  }



  @Article{rcpp1,
    title = {{Rcpp}: Seamless {R} and {C++} Integration},
    author = {Dirk Eddelbuettel and Romain Fran\c{c}ois},
    journal = {Journal of Statistical Software},
    year = {2011},
    volume = {40},
    number = {8},
    pages = {1--18},
    url = {https://www.jstatsoft.org/v40/i08/},
    doi = {10.18637/jss.v040.i08},
  }


  @Manual{gpur1,
    title = {gpuR: GPU Functions for R Objects},
    author = {Charles {Determan Jr.}},
    year = {2017},
    note = {R package version 2.0.0},
    url = {http://github.com/cdeterman/gpuR},
  }
  
  
  
@article{rupp2016viennacl,
  title={ViennaCL---linear algebra library for multi-and many-core architectures},
  author={Rupp, Karl and Tillet, Philippe and Rudolf, Florian and Weinbub, Josef and Morhammer, Andreas and Grasser, Tibor and        Jungel, Ansgar and Selberherr, Siegfried},
  journal={SIAM Journal on Scientific Computing},
  volume={38},
  number={5},
  pages={S412--S439},
  year={2016},
  publisher={SIAM}
}
  
  

  
  
  
    @Article{geoR2001,
       title    = {{geoR}: a package for geostatistical analysis},
       author        = {Ribeiro Jr., P.J. and Diggle, P.J.},
       journal       = {R-NEWS},
       year    = {2001},
       volume    = {1},
       number    = {2},
       pages    = {15--18},
       issn          = {1609-3631},
       url           = {http://cran.R-project.org/doc/Rnews}
     }  
  
   @Manual{RandomFields2020,
    title = {{RandomFields}: Simulation and Analysis of Random Fields},
    author = {Martin Schlather and Alexander Malinowski and Marco
      Oesting and Daphne Boecker and Kirstin Strokorb and Sebastian
      Engelke and Johannes Martini and Felix Ballani and Olga Moreva
      and Jonas Auel and Peter J Menck and Sebastian Gross and Ulrike
      Ober and Paulo Ribeiro and Brian D Ripley and Richard Singleton
      and Ben Pfaff and {R Core Team}},
    year = {2020},
    note = {R package version 3.3.8},
    url = {https://cran.r-project.org/package=RandomFields},
  } 
  
    @Article{RandomFields2015,
    title = {Analysis, Simulation and Prediction of Multivariate Random
      Fields with Package {RandomFields}},
    author = {Martin Schlather and Alexander Malinowski and Peter J.
      Menck and Marco Oesting and Kirstin Strokorb},
    journal = {Journal of Statistical Software},
    year = {2015},
    volume = {63},
    number = {8},
    pages = {1--25},
    url = {http://www.jstatsoft.org/v63/i08/},
  }

  
  
@article{Dietrich1997FastAE,
  title={Fast and Exact Simulation of Stationary Gaussian Processes through Circulant Embedding of the Covariance Matrix},
  author={C. Dietrich and G. Newsam},
  journal={SIAM J. Sci. Comput.},
  year={1997},
  volume={18},
  pages={1088-1107}
} 
  
  
  
  
  
@Misc{future1.19.1,
    author = {Henrik Bengtsson},
    title = {A Unifying Framework for Parallel and Distributed
      Processing in R using Futures},
    year = {2021},
    note = {10.32614/RJ-2021-048},
    url =
      {https://journal.r-project.org/archive/2021/RJ-2021-048/index.html},
  }

  
  
  
@article{l2002object,
  title={An object-oriented random-number package with many long streams and substreams},
  author={L'ecuyer, Pierre and Simard, Richard and Chen, E Jack and Kelton, W David},
  journal={Operations research},
  volume={50},
  number={6},
  pages={1073--1075},
  year={2002},
  publisher={INFORMS}
}  
  
  
  
#######################################
@article{rLEC07b,
  author =      {P. L'Ecuyer and R. Simard},
  title =      {{TestU01}: A {C} Library for Empirical Testing of Random Number Generators},
  journal =      {{ACM} Transactions on Mathematical Software},
  volume =       {33},
  number =     {4},
  pages =      {Article 22},
  month =    {August},
  year =     {2007},
  publisher = {ACM Press},
  address = {New York, NY, USA},
  OPTnote =    {available at
             \url{http://www.simul.umontreal.ca/testu01/tu01.html}},
}

@InProceedings{rLEC15a,
  author = "P. L'Ecuyer",
  title = "Random Number Generation with Multiple Streams for Sequential and Parallel Computers",
  booktitle =      {Proceedings of the 2015 Winter Simulation Conference},
  editor =      {L. Yilmaz and W. K. V. Chan and I. Moon and T. M. K. Roeder and 
                C. Macal and M. D. Rossetti},
  year =     {2015},
  Xpublisher =     {IEEE Press},
    publisher = {Piscataway, New Jersey: Institute of Electrical and Electronics Engineers, Inc.},
  pages =     {31--44},
}


@article{rLEC17p,
  author =      {P. L'Ecuyer and D. Munger and B. Oreshkin and R. Simard},
  title =      {Random Numbers for Parallel Computers: Requirements and Methods, 
                with Emphasis on {GPUs}},
  journal = {Mathematics and Computers in Simulation},
  volume =    {135},
  pages =      {3--17},
  year =         {2017},
  Xurl = {http://www.iro.umontreal.ca/~lecuyer/myftp/papers/parallel-rng-imacs.pdf},
  note = {Open access at \url{http://dx.doi.org/10.1016/j.matcom.2016.05.005}}
}

@InProceedings{rLEC21a,
  author = "P. L'Ecuyer and O. Nadeau-Chamard and Y.-F. Chen and J. Lebar",
  title = "Multiple Streams with Recurrence-Based, Counter-Based, and Splittable Random Number Generators",
  booktitle = {Proceedings of the 2021 Winter Simulation Conference},
  Xeditor =     {},
  year =     {2021},
  Xpublisher =     {IEEE Press},
    Xpublisher = {Piscataway, New Jersey: Institute of Electrical and Electronics Engineers, Inc.},
  pages =     {},
  note =  {To appear, see \url{https://www-labs.iro.umontreal.ca/~lecuyer/myftp/papers/wsc21rng.pdf}}
}

  
  
@INPROCEEDINGS {rLEC00b,
    AUTHOR="P. L'Ecuyer and R. Touzin",
    TITLE={Fast Combined Multiple Recursive Generators with Multipliers of the Form $a = \pm 2^q \pm 2^r$},
    BOOKTITLE={Proceedings of the 2000 Winter Simulation Conference},
    editor = {J. A. Joines and R. R. Barton and K. Kang and P. A. Fishwick},
    PUBLISHER="{IEEE} Press",
    YEAR={2000},
    PAGES={683--689}  }




 @article{patefield1981efficient,
  title={Algorithm AS 159: An Efficient Method of Generating Random R × C Tables with Given Row and Column Totals.},
  author={Patefield, W.M.},
  journal={Applied Statistics},
  volume={30},
  number={1},
  pages={91--7},
  year={1981}
} 
  
  
  

  
  
  
  
  
  
  
  
  
  
  
  
  
  
  